<collection xmlns="http://www.loc.gov/MARC21/slim">
<record>
  <leader>02234nam0a22003851i 450 </leader>
  <controlfield tag="001">IT\ICCU\CNCE\023077</controlfield>
  <controlfield tag="005">20100527000000.0</controlfield>
  <datafield tag="012" ind1=" " ind2=" ">
    <subfield code="a">e-e. t.o- tomo isin (3) 1571 (R)</subfield>
    <subfield code="2">fei</subfield>
  </datafield>
  <datafield tag="100" ind1=" " ind2=" ">
    <subfield code="a">19970624d1571        0itac0103    ba</subfield>
  </datafield>
  <datafield tag="101" ind1=" " ind2=" ">
    <subfield code="a">LAT</subfield>
  </datafield>
  <datafield tag="102" ind1=" " ind2=" ">
    <subfield code="a">IT</subfield>
  </datafield>
  <datafield tag="200" ind1="1" ind2=" ">
    <subfield code="a">℗Abbatis Panormitani ℗Commentaria in Clementinas epistolas, &amp; earum glossas; quae typographorum incuria, uel dolosa alicuius solertia, vt haec sibi in futurum ascriberet, pene interciderant, hac postera vero editione a m. d. Leonardo a Lege recognita ... Summariis eiusdem ubique instaurata, atque decisiuo inde repertorio foeliciter aucta</subfield>
  </datafield>
  <datafield tag="210" ind1=" " ind2=" ">
    <subfield code="a">Venetiis</subfield>
    <subfield code="c">apud Ioannem de Ghara</subfield>
    <subfield code="d">1571</subfield>
  </datafield>
  <datafield tag="215" ind1=" " ind2=" ">
    <subfield code="a">44, \12! c.</subfield>
    <subfield code="d">fol</subfield>
  </datafield>
  <datafield tag="300" ind1=" " ind2=" ">
    <subfield code="a">Parte del Repertorium</subfield>
  </datafield>
  <datafield tag="620" ind1=" " ind2=" ">
    <subfield code="a">IT</subfield>
    <subfield code="d">Venezia</subfield>
  </datafield>
  <datafield tag="700" ind1=" " ind2="1">
    <subfield code="a">Tedeschi,</subfield>
    <subfield code="b"></subfield>
    <subfield code="3">IT\ICCU\CNCA\003129</subfield>
  </datafield>
  <datafield tag="702" ind1=" " ind2="1">
    <subfield code="a">Legge,</subfield>
    <subfield code="b">Leonardo</subfield>
    <subfield code="3">IT\ICCU\CNCA\002166</subfield>
  </datafield>
  <datafield tag="712" ind1="0" ind2="0">
    <subfield code="a">De_Gara, Giovanni</subfield>
    <subfield code="3">IT\ICCU\CNCT\001291</subfield>
    <subfield code="4">650</subfield>
  </datafield>
  <datafield tag="790" ind1=" " ind2="0">
    <subfield code="a">Abbas</subfield>
    <subfield code="c"> :  Panormitanus</subfield>
    <subfield code="3">IT\ICCU\CNCA\006539</subfield>
    <subfield code="z"></subfield>
  </datafield>
  <datafield tag="790" ind1=" " ind2="0">
    <subfield code="a">Nicolaus</subfield>
    <subfield code="c"> : Panormitanus</subfield>
    <subfield code="3">IT\ICCU\CNCA\014762</subfield>
    <subfield code="z"></subfield>
  </datafield>
  <datafield tag="790" ind1=" " ind2="1">
    <subfield code="a">Tudeschis,</subfield>
    <subfield code="b">Nicolaus : de</subfield>
    <subfield code="3">IT\ICCU\CNCA\014972</subfield>
    <subfield code="z"></subfield>
  </datafield>
  <datafield tag="790" ind1=" " ind2="0">
    <subfield code="a">Leonardus</subfield>
    <subfield code="c"> : a#Lege</subfield>
    <subfield code="3">IT\ICCU\CNCA\014498</subfield>
    <subfield code="z">Legge, Leonardo</subfield>
  </datafield>
  <datafield tag="790" ind1=" " ind2="1">
    <subfield code="a">Lege,</subfield>
    <subfield code="b">Leonardus : a</subfield>
    <subfield code="3">IT\ICCU\CNCA\016508</subfield>
    <subfield code="z">Legge, Leonardo</subfield>
  </datafield>
  <datafield tag="791" ind1="0" ind2="0">
    <subfield code="a">Gara, Giovanni de</subfield>
    <subfield code="3">IT\ICCU\CNCT\003206</subfield>
    <subfield code="z">De_Gara, Giovanni</subfield>
  </datafield>
  <datafield tag="791" ind1="0" ind2="0">
    <subfield code="a">Di_Gara, Giovanni</subfield>
    <subfield code="3">IT\ICCU\CNCT\003746</subfield>
    <subfield code="z">De_Gara, Giovanni</subfield>
  </datafield>
  <datafield tag="791" ind1="0" ind2="0">
    <subfield code="a">Gareus, Ioannes</subfield>
    <subfield code="3">IT\ICCU\CNCT\004567</subfield>
    <subfield code="z">De_Gara, Giovanni</subfield>
  </datafield>
  <datafield tag="791" ind1="0" ind2="0">
    <subfield code="a">Gara, Ioannes</subfield>
    <subfield code="3">IT\ICCU\CNCT\004568</subfield>
    <subfield code="z">De_Gara, Giovanni</subfield>
  </datafield>
  <datafield tag="801" ind1=" " ind2="3">
    <subfield code="a">IT</subfield>
    <subfield code="b">ICCU</subfield>
    <subfield code="c">20201114</subfield>
  </datafield>
  <datafield tag="899" ind1=" " ind2=" ">
    <subfield code="a">Biblioteca provinciale Salvatore Tommasi. Bazzano</subfield>
    <subfield code="1">AQ0047</subfield>
    <subfield code="2">ABR PR</subfield>
  </datafield>
  <datafield tag="899" ind1=" " ind2=" ">
    <subfield code="a">Biblioteca diocesana del Seminario arcivescovile S. Tommaso d&apos;Aquino. Bisceglie</subfield>
    <subfield code="1">BA0074</subfield>
    <subfield code="2">PBE A1</subfield>
  </datafield>
  <datafield tag="899" ind1=" " ind2=" ">
    <subfield code="a">Biblioteca diocesana di Altamura - Gravina - Acquaviva delle Fonti. Gravina di Puglia</subfield>
    <subfield code="1">BA0142</subfield>
    <subfield code="2">BA1 16</subfield>
  </datafield>
  <datafield tag="899" ind1=" " ind2=" ">
    <subfield code="a">Biblioteca Giuridica Antonio Cicu - Alma Mater Studiorum - Universit ̉di Bologna. Bologna</subfield>
    <subfield code="1">BO0036</subfield>
    <subfield code="2">UBO IG</subfield>
  </datafield>
  <datafield tag="899" ind1=" " ind2=" ">
    <subfield code="a">Biblioteca dell&apos;Istituto tecnico commerciale F. Carrara. Lucca</subfield>
    <subfield code="z">MUTILO</subfield>
    <subfield code="1">LU0101</subfield>
    <subfield code="2">ZLU 10</subfield>
  </datafield>
  <datafield tag="899" ind1=" " ind2=" ">
    <subfield code="a">Biblioteca Arcivescovile. Udine</subfield>
    <subfield code="1">UD0100</subfield>
    <subfield code="2">ZUD 11</subfield>
  </datafield>
</record>
</collection>
